@InProceedings{pmlr-v32-yanga14,
  title = 	 {The Coherent Loss Function for Classification},
  author = 	 {Wenzhuo Yang and Melvyn Sim and Huan Xu},
  booktitle = 	 {Proceedings of the 31st International Conference on Machine Learning},
  pages = 	 {37--45},
  year = 	 {2014},
  editor = 	 {Eric P. Xing and Tony Jebara},
  volume = 	 {32},
  series = 	 {Proceedings of Machine Learning Research},
  month = 	 {22--24 Jun},
  publisher = 	 {PMLR},
 
}
@article{vapnik1998statistical,
  title={Statistical learning theory},
  author={Vapnik Vladimir, N},
  journal={New York: W iley, l998},
  year={1998}
}

@book{Davidson-Pilon:2015:BMH:2851115,
 author = {Davidson-Pilon, Cameron},
 title = {Bayesian Methods for Hackers: Probabilistic Programming and Bayesian Inference},
 year = {2015},
 isbn = {0133902838, 9780133902839},
 edition = {1st},
 publisher = {Addison-Wesley Professional},
}

@book{Scholkopf:2001:LKS:559923,
 author = {Scholkopf, Bernhard and Smola, Alexander J.},
 title = {Learning with Kernels: Support Vector Machines, Regularization, Optimization, and Beyond},
 year = {2001},
 isbn = {0262194759},
 publisher = {MIT Press},
 address = {Cambridge, MA, USA},
} 
 
@article{DBLP:journals/corr/JanochaC17,
  author    = {Katarzyna Janocha and
               Wojciech Marian Czarnecki},
  title     = {On Loss Functions for Deep Neural Networks in Classification},
  journal   = {CoRR},
  volume    = {abs/1702.05659},
  year      = {2017},
}
@article{chai2014root,
  title={Root mean square error (RMSE) or mean absolute error (MAE)?--Arguments against avoiding RMSE in the literature},
  author={Chai, Tianfeng and Draxler, Roland R},
  journal={Geoscientific model development},
  volume={7},
  pages={1247--1250},
  year={2014},
  publisher={Copernicus GmbH}
}
@article{willmott2005advantages,
  title={Advantages of the mean absolute error (MAE) over the root mean square error (RMSE) in assessing average model performance},
  author={Willmott, Cort J and Matsuura, Kenji},
  journal={Climate research},
  volume={30},
  pages={79--82},
  year={2005}
}


