@article{quackenbush2002microarray,
  title={Microarray data normalization and transformation},
  author={Quackenbush, John},
  journal={Nature genetics},
  volume={32},
  pages={496},
  year={2002},
  publisher={Nature Publishing Group}
}


@article{saranya2013study,
  title={A study on normalization techniques for privacy preserving data mining},
  author={Saranya, C and Manikandan, G},
  journal={International Journal of Engineering and Technology (IJET)},
  volume={5},
  number={3},
  pages={2701--2704},
  year={2013},
  publisher={Citeseer}
}

@inproceedings{uma1992time,
  title={Time-normalization techniques for speaker-independent isolated word recognition},
  author={Uma, S and Sridhar, V and Krishna, G},
  booktitle={11th IAPR International Conference on Pattern Recognition. Vol. III. Conference C: Image, Speech and Signal Analysis,},
  pages={537--540},
  year={1992},
  organization={IEEE}
}

@inproceedings{batyrshin2013constructing,
  title={Constructing time series shape association measures: Minkowski distance and data standardization},
  author={Batyrshin, Ildar},
  booktitle={Computational Intelligence and 11th Brazilian Congress on Computational Intelligence (BRICS-CCI \& CBIC), 2013 BRICS Congress on},
  pages={204--212},
  year={2013},
  organization={IEEE}
}

@article{patro2015normalization,
  title={Normalization: A preprocessing stage},
  author={Patro, S and Sahu, Kishore Kumar},
  journal={arXiv preprint arXiv:1503.06462},
  year={2015}
}

@article{ioffe2015batch,
  title={Batch normalization: Accelerating deep network training by reducing internal covariate shift},
  author={Ioffe, Sergey and Szegedy, Christian},
  journal={arXiv preprint arXiv:1502.03167},
  year={2015}
}

@article{al2006data,
	title={Data mining: A preprocessing engine},
	author={Al Shalabi, Luai and Shaaban, Zyad and Kasasbeh, Basel},
	journal={Journal of Computer Science},
	volume={2},
	number={9},
	pages={735--739},
	year={2006}
}

@article{jain2005score,
	title={Score normalization in multimodal biometric systems},
	author={Jain, Anil and Nandakumar, Karthik and Ross, Arun},
	journal={Pattern recognition},
	volume={38},
	number={12},
	pages={2270--2285},
	year={2005},
	publisher={Elsevier}
}

@article{wakita1977normalization,
	title={Normalization of vowels by vocal-tract length and its application to vowel identification},
	author={Wakita, Hisashi},
	journal={IEEE Transactions on Acoustics, Speech, and Signal Processing},
	volume={25},
	number={2},
	pages={183--192},
	year={1977},
	publisher={IEEE}
}

@article{cheadle2003analysis,
	title={Analysis of microarray data using Z score transformation},
	author={Cheadle, Chris and Vawter, Marquis P and Freed, William J and Becker, Kevin G},
	journal={The Journal of molecular diagnostics},
	volume={5},
	number={2},
	pages={73--81},
	year={2003},
	publisher={Elsevier}
}

@book{han2011data,
	title={Data mining: concepts and techniques},
	author={Han, Jiawei and Pei, Jian and Kamber, Micheline},
	year={2011},
	publisher={Elsevier}
}

@article{jayalakshmi2011statistical,
	title={Statistical normalization and back propagation for classification},
	author={Jayalakshmi, T and Santhakumaran, A},
	journal={International Journal of Computer Theory and Engineering},
	volume={3},
	number={1},
	pages={1793--8201},
	year={2011}
}

@inproceedings{cappelli2000combining,
	title={Combining fingerprint classifiers},
	author={Cappelli, Raffaele and Maio, Dario and Maltoni, Davide},
	booktitle={International Workshop on Multiple Classifier Systems},
	pages={351--361},
	year={2000},
	organization={Springer}
}

@article{mohamad2013standardization,
	title={Standardization and its effects on K-means clustering algorithm},
	author={Mohamad, Ismail Bin and Usman, Dauda},
	journal={Research Journal of Applied Sciences, Engineering and Technology},
	volume={6},
	number={17},
	pages={3299--3303},
	year={2013}
}